@article{IMSRG,
  author =       "Hergert, H. and Bogner, S. K. and Binder, S. and Calci,
                  S. and Langhammer, J. and Roth, R. and Schwenk, A.",
  journal =      "Phys. Rev. C",
  title =        "{In-Medium Similarity Renormalization Group with Chiral Two-
                  Plus Three-Nucleon Interactions}",
  pages =        014003,
  volume =       78,
  year =         2012
}
